 @InBook{automatas,
 ALTauthor = {John E. Hopcroft, Rajeev Motwani, Jeffrey D. Ullman},
 ALTeditor = {Pearson Education},
 title = {Introduction to Automata Theory, Lenguajes and Computation},
 chapter = {2},
 publisher = {},
 year = {2001},
 OPTkey = {•},
 OPTvolume = {•},
 OPTnumber = {•},
 OPTseries = {•},
 OPTtype = {•},
 OPTaddress = {•},
 OPTedition = {•},
 OPTmonth = {•},
 OPTpages = {46-50},
 OPTnote = {•},
 OPTannote = {•}
 }

@InBook{compiladores,
 ALTauthor = {Jeffrey D. Ullman, Alfred V. Aho, Ravi Sethi},
 ALTeditor = {Pearson Education},
 title = {Compilers: principles, techniques and tools},
 chapter = {2},
 publisher = {},
 year = {2001},
 OPTkey = {•},
 OPTvolume = {•},
 OPTnumber = {•},
 OPTseries = {•},
 OPTtype = {•},
 OPTaddress = {•},
 OPTedition = {•},
 OPTmonth = {•},
 OPTpages = {122-124},
 OPTnote = {•},
 OPTannote = {•}
 }
  
 
 
 
 
 
 
 